@ARTICLE{David201688,
	author = {David, Omid E. and Netanyahu, Nathan S. and Wolf, Lior},
	title = {DeepChess: End-to-end deep neural network for automatic learning in chess},
	year = {2016},
	journal = {Lecture Notes in Computer Science (including subseries Lecture Notes in Artificial Intelligence and Lecture Notes in Bioinformatics)},
	volume = {9887 LNCS},
	pages = {88 – 96},
	doi = {10.1007/978-3-319-44781-0_11},
	url = {https://www.scopus.com/inward/record.uri?eid=2-s2.0-84988418847&doi=10.1007%2f978-3-319-44781-0_11&partnerID=40&md5=aea8513b0f301f61e2e2bbe70ed4e465},
	type = {Conference paper},
	publication_stage = {Final},
	source = {Scopus},
	note = {Cited by: 49; All Open Access, Green Open Access}
}

@book{klein2021neural,
	title={Neural Networks For Chess: The Magic of Deep and Reinforcementlearning Revealed},
	author={Klein, D.},
	isbn={9798485890537},
	url={https://books.google.com.pe/books?id=IJ6mzgEACAAJ},
	year={2021},
	publisher={Amazon Digital Services LLC - Kdp}
}
@mastersthesis{steinberg2021,
	author = {Steinberg, M. D. and Jarnagin, Z. R.},
	title = {Monte Carlo Tree Search, Neural Networks \& Chess},
	school = {Northeastern University, Khoury College of Computer Sciences},
	year = {2021},
}

@article{mehta2020predicting,
	title={Predicting chess moves with multilayer perceptron and limited Lookahead},
	author={Mehta, Fenil and Raipure, Hrishikesh and Shirsat, Shubham and Bhatnagar, Shashank and Bhovi, Bailappa},
	journal={J Eng Res Appl},
	volume={10},
	number={4},
	pages={05--08},
	year={2020}
}

@misc{vikstrom2019training,
	title={Training a convolutional neural network to evaluate chess positions},
	author={Vikstr{\"o}m, Joel},
	year={2019}
}

@online{solana2022,
  author    = {Mario Solana Ezquerra},
  title     = {Aprendizaje por refuerzo y ajedrez: Alpha Zero},
  year      = {2022},
  month     = {mayo},
  day       = {3},
  url       = {https://www.ui1.es/blog-ui1/aprendizaje-por-refuerzo-y-ajedrez-alpha-zero},
  organization = {Universidad Isabel I}
}

@article{Hammersborg2024,
	author = {Hammersborg, Patrik and Strümke, Inga},
	title = {Information based explanation methods for deep learning agents—with applications on large open-source chess models},
	year = {2024},
	journal = {Scientific Reports},
	volume = {14},
	number = {1},
	doi = {10.1038/s41598-024-70701-2},
	url = {https://www.scopus.com/inward/record.uri?eid=2-s2.0-85202943060&doi=10.1038%2fs41598-024-70701-2&partnerID=40&md5=c2b8680b6c7ce3bc2689966350144345},
	type = {Article},
	publication_stage = {Final},
	source = {Scopus},
	note = {Cited by: 0; All Open Access, Gold Open Access}
}